@inproceedings{he2017drain,
  title        = {Drain: An online log parsing approach with fixed depth tree},
  author       = {He, Pinjia and Zhu, Jieming and Zheng, Zibin and Lyu, Michael R},
  booktitle    = {2017 IEEE international conference on web services (ICWS)},
  pages        = {33--40},
  year         = {2017},
  organization = {IEEE}
}

@inproceedings{liu2008isolation,
  title        = {Isolation forest},
  author       = {Liu, Fei Tony and Ting, Kai Ming and Zhou, Zhi-Hua},
  booktitle    = {2008 eighth ieee international conference on data mining},
  pages        = {413--422},
  year         = {2008},
  organization = {IEEE}
}
